<?xml version="1.0" encoding="utf-8"?>
<record xmlns="http://www.loc.gov/MARC21/slim" xmlns:xsi="http://www.w3.org/2001/XMLSchema-instance" xsi:schemaLocation="http://www.loc.gov/MARC21/slim http://www.loc.gov/standards/marcxml/schema/MARC21slim.xsd">
	<leader>     nam a22        4500</leader>
	<controlfield tag="001">3073327</controlfield>
	<controlfield tag="003">NNC</controlfield>
	<controlfield tag="006">m        d        </controlfield>
	<controlfield tag="007">cr cn |||m|||a</controlfield>
	<controlfield tag="008">160426m19541955ua      od    000 0 ara d</controlfield>
	<datafield ind1=" " ind2=" " tag="040">
		<subfield code="a">NNU</subfield>
		<subfield code="b">eng</subfield>
		<subfield code="e">rda</subfield>
		<subfield code="c">NNU</subfield>
	</datafield>
	<datafield ind1=" " ind2="4" tag="050">
		<subfield code="a">G93</subfield>
		<subfield code="b">.Y22</subfield>
	</datafield>
	<datafield ind1="0" ind2=" " tag="100">
		<subfield code="6">880-01</subfield>
		<subfield code="a">Yāqūt ibn ʻAbd Allāh al-Ḥamawī,</subfield>
		<subfield code="d">1179?-1229.</subfield>
	</datafield>
	<datafield ind1="1" ind2="0" tag="245">
		<subfield code="6">880-02</subfield>
		<subfield code="a">Marāṣid al-iṭṭilāʻ ʻalá asmāʼ al-amkinah wa-al-biqāʻ /</subfield>
		<subfield code="c">li-Ṣafī al-Dīn ʻAbd al-Muʼmin ibn ʻAbd al-Ḥaqq al-Baghdādī wa-huwa mukhtaṣar Muʻjam al-Buldān li-Yāqūt ; taḥqīq wa-taʻlīq ʻAlī Muḥammad al-Bajāwī.</subfield>
	</datafield>
	<datafield ind1="3" ind2="0" tag="246">
		<subfield code="6">880-03</subfield>
		<subfield code="a">Muʻjam al-Buldān</subfield>
	</datafield>
	<datafield ind1=" " ind2=" " tag="250">
		<subfield code="6">880-04</subfield>
		<subfield code="a">al-Ṭabʻah 1.</subfield>
	</datafield>
	<datafield ind1=" " ind2=" " tag="260">
		<subfield code="6">880-05</subfield>
		<subfield code="a">[Cairo] :</subfield>
		<subfield code="b">Dār Iḥyāʼ al-Kutub al-ʻArabīyah, ʻĪsá al-Bābī al-Ḥalabī,</subfield>
		<subfield code="c">1954-55.</subfield>
	</datafield>
	<datafield ind1=" " ind2=" " tag="300">
		<subfield code="a">online resource (3 volumes)</subfield>
	</datafield>
	<datafield ind1=" " ind2=" " tag="336">
		<subfield code="a">text</subfield>
		<subfield code="2">rdacontent</subfield>
	</datafield>
	<datafield ind1=" " ind2=" " tag="337">
		<subfield code="a">computer</subfield>
		<subfield code="2">rdamedia</subfield>
	</datafield>
	<datafield ind1=" " ind2=" " tag="338">
		<subfield code="a">online resource</subfield>
		<subfield code="2">rdacarrier</subfield>
	</datafield>
	<datafield ind1=" " ind2=" " tag="500">
		<subfield code="a">An abridgment of the author's Muʻjam al-buldān by ʻAbd al-Muʼmin ibn ʻAbd al-Ḥaqq.</subfield>
	</datafield>
	<datafield ind1=" " ind2=" " tag="500">
		<subfield code="a">This collection that was purchased from Professor Michael Zwettler after his death, Ohio State University, Department of Near Eastern Languages and Cultures.</subfield>
	</datafield>
	<datafield ind1=" " ind2=" " tag="500">
		<subfield code="a">Part of the Arabic Collections Online (ACO) project, contributed by Columbia University Libraries.</subfield>
	</datafield>
	<datafield ind1="0" ind2=" " tag="505">
		<subfield code="6">880-06</subfield>
		<subfield code="a">v. 1. Alif/Kha -- v. 2. Da/Gha -- v. 3. Fa/Ya.</subfield>
	</datafield>
	<datafield ind1=" " ind2=" " tag="533">
		<subfield code="a">Electronic reproduction.</subfield>
		<subfield code="b">New York, N.Y. :</subfield>
		<subfield code="c">New York University,</subfield>
		<subfield code="d">2016.</subfield>
		<subfield code="5">NNU</subfield>
	</datafield>
	<datafield ind1=" " ind2="0" tag="650">
		<subfield code="a">Geography</subfield>
		<subfield code="v">Dictionaries</subfield>
		<subfield code="x">Arabic.</subfield>
	</datafield>
	<datafield ind1=" " ind2="0" tag="650">
		<subfield code="a">Geography, Medieval.</subfield>
	</datafield>
	<datafield ind1=" " ind2="7" tag="650">
		<subfield code="a">Geography.</subfield>
		<subfield code="2">fast</subfield>
		<subfield code="0">(OCoLC)fst00940469</subfield>
	</datafield>
	<datafield ind1=" " ind2="7" tag="650">
		<subfield code="a">Geography, Medieval.</subfield>
		<subfield code="2">fast</subfield>
		<subfield code="0">(OCoLC)fst00940573</subfield>
	</datafield>
	<datafield ind1=" " ind2="7" tag="655">
		<subfield code="a">Dictionaries.</subfield>
		<subfield code="2">fast</subfield>
		<subfield code="0">(OCoLC)fst01423826</subfield>
	</datafield>
	<datafield ind1="1" ind2=" " tag="700">
		<subfield code="6">880-07</subfield>
		<subfield code="a">Bajāwī, ʻAlī Muḥammad.</subfield>
	</datafield>
	<datafield ind1="1" ind2=" " tag="700">
		<subfield code="a">Zwettler, Michael.</subfield>
	</datafield>
	<datafield ind1="1" ind2=" " tag="700">
		<subfield code="6">880-08</subfield>
		<subfield code="a">Ibn ʻAbd al-Ḥaqq, ʻAbd al-Muʼmin,</subfield>
		<subfield code="d">1260-1338.</subfield>
		<subfield code="t">Muʻjam al-buldān.</subfield>
	</datafield>
	<datafield ind1="2" ind2=" " tag="710">
		<subfield code="a">Ohio State University.</subfield>
		<subfield code="b">Department of Near Eastern Languages and Cultures.</subfield>
	</datafield>
	<datafield ind1="2" ind2=" " tag="710">
		<subfield code="a">Columbia University.</subfield>
		<subfield code="b">Libraries.</subfield>
	</datafield>
	<datafield ind1="0" ind2=" " tag="730">
		<subfield code="a">Arabic Collections Online.</subfield>
	</datafield>
	<datafield ind1="0" ind2="8" tag="776">
		<subfield code="i">Print version:</subfield>
		<subfield code="a">Yāqūt ibn ʻAbd Allāh al-Ḥamawī, 1179?-1229.</subfield>
		<subfield code="t">Marāṣid al-iṭṭilāʻ ʻalá asmāʼ al-amkinah wa-al-biqāʻ</subfield>
		<subfield code="w">(NNC)3073327</subfield>
		<subfield code="w">(OCoLC)17390321</subfield>
	</datafield>
	<datafield ind1="4" ind2="0" tag="856">
		<subfield code="u">http://hdl.handle.net/2333.1/h18935j2</subfield>
	</datafield>
	<datafield ind1="0" ind2=" " tag="880">
		<subfield code="6">100-01/r</subfield>
		<subfield code="a">ياقوت بن عبد الله الحموي،</subfield>
		<subfield code="d">1179?-1229.</subfield>
	</datafield>
	<datafield ind1="1" ind2="0" tag="880">
		<subfield code="6">245-02/r</subfield>
		<subfield code="a">مراصد الإطلاع على أسماء الأمكنة والبقاع /</subfield>
		<subfield code="c">لصفي الدين عبد المؤمن بن عبد الحق البغدادي وهو مختصر معجم البلدان لياقوت ؛ تحقيق وتعليق علي محمد البجاوي.</subfield>
	</datafield>
	<datafield ind1="3" ind2="0" tag="880">
		<subfield code="6">246-03/r</subfield>
		<subfield code="a">معجم البلدان</subfield>
	</datafield>
	<datafield ind1=" " ind2=" " tag="880">
		<subfield code="6">250-04/r</subfield>
		<subfield code="a">الطبعه ١.</subfield>
	</datafield>
	<datafield ind1=" " ind2=" " tag="880">
		<subfield code="6">260-05/r</subfield>
		<subfield code="a">[القاهرة] :</subfield>
		<subfield code="b">دار احياء الكتب العربية، عيسى البابي الحلبي،</subfield>
		<subfield code="c">1954-55.</subfield>
	</datafield>
	<datafield ind1="0" ind2=" " tag="880">
		<subfield code="6">505-06/r</subfield>
		<subfield code="a">v. 1. ا/خ -- v. 2. د/غ -- v. 3. .ف/ي.</subfield>
	</datafield>
	<datafield ind1="1" ind2=" " tag="880">
		<subfield code="6">700-07/r</subfield>
		<subfield code="a">بجاوي، علي محمد.</subfield>
	</datafield>
	<datafield ind1="1" ind2=" " tag="880">
		<subfield code="6">700-08/r</subfield>
		<subfield code="a">ابن عبد الحق، عبد المؤمن،,</subfield>
		<subfield code="d">1260-1338.</subfield>
		<subfield code="t">معجم البلدان.</subfield>
	</datafield>
	<datafield ind1=" " ind2=" " tag="959">
		<subfield code="a">NNU</subfield>
		<subfield code="b">WEB</subfield>
		<subfield code="c">GENI</subfield>
		<subfield code="t">0</subfield>
		<subfield code="m">Electronic access</subfield>
		<subfield code="s">01</subfield>
	</datafield>
	<datafield ind1=" " ind2=" " tag="999">
		<subfield code="i">NNC_3073327</subfield>
		<subfield code="o">(OCoLC)ocm17390321</subfield>
		<subfield code="s">columbia_aco001998:v.1</subfield>
		<subfield code="s">columbia_aco001999:v.2</subfield>
		<subfield code="s">columbia_aco002000:v.3</subfield>
		<subfield code="e">(ERROR-880)</subfield>
		<subfield code="s">columbia_aco001998:v.1</subfield>
		<subfield code="s">columbia_aco001999:v.2</subfield>
		<subfield code="s">columbia_aco002000:v.3</subfield>
	</datafield>
</record>
